@Article{SVMforRecogintion,
author = {Massimiliano P., Alessandro V.},
title = {Support Vector Machines for 3D 	Object Recogintion},
year = {1998},
pages = {637-646},
booktitle = {Pattern Analysis and Machine Intelligence},
}

@Article{cirDetect2,
 author    = {Victor A., Carlos H.G., Arturo P. Raul E.S.},
 title     = {Circle detection on images using genetic algorithms},
 year      = {2006},
 pages     = {652-657},
 booktitle = {Pattern Recognition Letter},
}
@Article{cirDetect3,
 author    = {D'Orazio T., Guaragnella C., Leo M., Distante A.},
 title     = {A new algorithm for ball recognition using circle Hough transform and neural classifier},
 year      = {2004},
 pages     = {393-408},
 booktitle = {Pattern Recognition Letter},
}
@Article{cirDetect1,
 author    = {Atherton T.J., Kerbyson D.J.},
 title     = {Size invariant circle detection},
 year      = {1999},
 pages     = {795-803},
 booktitle = {Image and Vision Computing},
}

@inproceedings{dalal2005histograms,
  title={Histograms of oriented gradients for human detection},
  author={Dalal, Navneet and Triggs, Bill},
  booktitle={Computer Vision and Pattern Recognition, 2005. CVPR 2005. IEEE Computer Society Conference on},
  volume={1},
  pages={886--893},
  year={2005},
  organization={IEEE},
}

@inproceedings{brown2005multi,
  title={Multi-image matching using multi-scale oriented patches},
  author={Brown, Matthew and Szeliski, Richard and Winder, Simon},
  booktitle={Computer Vision and Pattern Recognition, 2005. CVPR 2005. IEEE Computer Society Conference on},
  volume={1},
  pages={510--517},
  year={2005},
  organization={IEEE},
}

@inproceedings{viola2001rapid,
  title={Rapid object detection using a boosted cascade of simple features},
  author={Viola, Paul and Jones, Michael},
  booktitle={Computer Vision and Pattern Recognition, 2001. CVPR 2001. Proceedings of the 2001 IEEE Computer Society Conference on},
  volume={1},
  pages={I--511},
  year={2001},
  organization={IEEE}
}
