
@Article{cirDetect2,
 author    = {Victor A., Carlos H.G., Arturo P. Raul E.S.},
 title     = {Circle detection on images using genetic algorithms},
 year      = {2006},
 pages     = {652-657},
 booktitle = {Pattern Recognition Letter}
}
@Article{cirDetect3,
 author    = {D'Orazio T., Guaragnella C., Leo M., Distante A.},
 title     = {A new algorithm for ball recognition using circle Hough transform and neural classifier},
 year      = {2004},
 pages     = {393-408},
 booktitle = {Pattern Recognition Letter}
}
@Article{cirDetect1,
 author    = {Atherton T.J., Kerbyson D.J.},
 title     = {Size invariant circle detection},
 year      = {1999},
 pages     = {795-803},
 booktitle = {Image and Vision Computing},
}